@Disertacao{Cechinel:Disertacao:2014,
	author	= {CECHINEL, C.},
	title	= {{Identifica\c{c}\~ao Biom\'etrica com Antropometria e Caminhar Humano Utilizando o kinect}},
	school	= {Universidade Federal de Pelotas},
	address	= {Pelotas},
	year	= {2014},
}

@misc{ wiki:ieee754en,
   author = {Wikipedia},
   title = {IEEE 754-1985 --- Wikipedia{,} The Free Encyclopedia},
   year = {2015},
   url = {https://en.wikipedia.org/w/index.php?title=IEEE_754-1985&oldid=668635251},
   note = {[Online; accessed 30-June-2015]}
 }