@misc{ wiki:xxx,
	author = "Wikipedia",
	title = "K-nearest neighbors algorithm --- Wikipedia{,} The Free Encyclopedia",
	year = "2015",
	url = "http://en.wikipedia.org/w/index.php?title=K-nearest_neighbors_algorithm&oldid=661965137",
	note = "[Online; accessed 31-May-2015]"
}